@article{industrialRobot2018,
    title = {{Executive Summary World Robotics 2018 Service Robots}},
    year = {2018},
    author = {International Federation of Robotics IFR},
    pages = {376--381},
    url = {https://ifr.org/downloads/press2018/Executive_Summary_WR_Service_Robots_2018.pdf},
    keywords = {Logistic, Statistics, Automation}
}
