%! Author = francois
%! Date = 16.09.19

@manual{ref:FT_sensor_webpage,
 title = {F/T Sensor Gamma},
 organization = {ATI Industrial Automation},
 year = {2019},
 url = {https://www.ati-ia.com/products/ft/ft_models.aspx?id=Gamma},
}

@manual{ref:FT_graph,
 title = {Graphs of the sensor},
 organization = {NoMagic},
 year = {2019},
 url = {https://athena.prod.nomagic.io/app/UiRun_20190912_084209/item?run_id=20190912-084428-9ecUcL2b&item_id=1&subpage=graphs},
}
